@TECHREPORT{Leino08thisis,
	author = {K. R. M. Leino},
	title = {This is Boogie 2},
	institution = {},
	year = {2008}
}

@INPROCEEDINGS{ByECD+06,
	author = {M. Barnett and R. DeLine and B. Jacobs and B.-Y. E. Chang and K. R. M. Leino},
	title = {Boogie: A Modular Reusable Verifier for Object-Oriented Programs},
	booktitle = {Formal Methods for Components and Objects: 4th International Symposium, volume 4111 of Lecture},
	year = {2006},
	publisher = {Springer}
}

@INPROCEEDINGS{BLS04,
	author = {M. Barnett and K. R. M. Leino and W. Schulte},
	title = {The Spec# programming system: An overview},
	booktitle = {2004, Construction and Analysis of Safe, Secure and Interoperable Smart devices, volume 3362 of Lecture Notes in Computer Science},
	year = {},
	pages = {49--69},
	publisher = {Springer}
}

@INPROCEEDINGS{LM09,
	author = {K. R. M. Leino and P. Müller},
	title = {A basis for verifying multi-threaded programs},
	booktitle = {In Programming Languages and Systems, European Symposium on Programming. LNCS Series},
	year = {},
	pages = {378--393}
}

@MISC{LMS09,
	author = {K. R. M. Leino and P. Müller and J. Smans},
	title = {Verification of Concurrent Programs with Chalice},
	year = {2009}
}

@MISC{LY10,
	author = {K. R. M. Leino and K. Yessenov},
	title = {Automated stepwise refinement of heap-manipulating code},
	year = {2010}
}

@INPROCEEDINGS{dMB08,
	author = {L. de Moura and N. Bjørner},
	title = {Z3: An efficient SMT solver},
	booktitle = {In TACAS 2008, volume 4963 of LNCS},
	year = {2008},
	pages = {337--340},
	publisher = {Springer}
}

@INPROCEEDINGS{Boy03,
	author = {J. Boyland},
	title = {Checking interference with fractional permissions},
	booktitle = {In SAS 2003, volume 2694 of LNCS},
	year = {2003},
	pages = {55--72},
	publisher = {Springer}
}

@article{HLMS11,
	author = {S. Heule and K. R. M. Leino and P. Müller and A. J. Summers},
	title = {Fractional permissions without the fractions},
	year = {2011},
	journal = {Formal Techniques for Java-like Programs (FTfJP)}
}

@article{Smans:2012:IDF:2160910.2160911,
 author = {J. Smans and B. Jacobs and F. Piessens},
 title = {Implicit dynamic frames},
 journal = {ACM Trans. Program. Lang. Syst.},
 issue_date = {April 2012},
 volume = {34},
 number = {1},
 month = may,
 year = {2012},
 issn = {0164-0925},
 pages = {2:1--2:58},
 articleno = {2},
 numpages = {58},
 url = {http://doi.acm.org/10.1145/2160910.2160911},
 doi = {10.1145/2160910.2160911},
 acmid = {2160911},
 publisher = {ACM},
 address = {New York, NY, USA},
 keywords = {Program verification, frame problem, separation logic},
} 